@Book{ photovoltaik_haeberlin,
	title = "Test Buch",
	author = "Irgendwie Irgendwer",
	publisher = "AZ Fachverlage AG",
	edition = "1",
	year = "2007",
	isbn = "87678678676"
}

